@misc{jordan2024muon,
  author       = {Keller Jordan and Yuchen Jin and Vlado Boza and Jiacheng You and
                  Franz Cesista and Laker Newhouse and Jeremy Bernstein},
  title        = {Muon: An optimizer for hidden layers in neural networks},
  year         = {2024},
  url          = {https://kellerjordan.github.io/posts/muon/}
}


@misc{tuddenham2022orthogonalisinggradientsspeedneural,
      title={Orthogonalising gradients to speed up neural network optimisation}, 
      author={Mark Tuddenham and Adam Prügel-Bennett and Jonathan Hare},
      year={2022},
      eprint={2202.07052},
      archivePrefix={arXiv},
      primaryClass={cs.LG},
      url={https://arxiv.org/abs/2202.07052}, 
}


@misc{zhang2025adagradmeetsmuonadaptive,
      title={AdaGrad Meets Muon: Adaptive Stepsizes for Orthogonal Updates}, 
      author={Minxin Zhang and Yuxuan Liu and Hayden Schaeffer},
      year={2025},
      eprint={2509.02981},
      archivePrefix={arXiv},
      primaryClass={cs.LG},
      url={https://arxiv.org/abs/2509.02981}, 
}


@misc{kovalev2025understandinggradientorthogonalizationdeep,
      title={Understanding Gradient Orthogonalization for Deep Learning via Non-Euclidean Trust-Region Optimization}, 
      author={Dmitry Kovalev},
      year={2025},
      eprint={2503.12645},
      archivePrefix={arXiv},
      primaryClass={cs.LG},
      url={https://arxiv.org/abs/2503.12645}, 
}

@article{article,
author = {Peletier, Mark and Schlichting, André},
year = {2022},
month = {08},
pages = {113094},
title = {Cosh gradient systems and tilting},
journal = {Nonlinear Analysis},
doi = {10.1016/j.na.2022.113094}
}



@misc{liu2025muonscalablellmtraining,
      title={Muon is Scalable for LLM Training}, 
      author={Jingyuan Liu and Jianlin Su and Xingcheng Yao and Zhejun Jiang and Guokun Lai and Yulun Du and Yidao Qin and Weixin Xu and Enzhe Lu and Junjie Yan and Yanru Chen and Huabin Zheng and Yibo Liu and Shaowei Liu and Bohong Yin and Weiran He and Han Zhu and Yuzhi Wang and Jianzhou Wang and Mengnan Dong and Zheng Zhang and Yongsheng Kang and Hao Zhang and Xinran Xu and Yutao Zhang and Yuxin Wu and Xinyu Zhou and Zhilin Yang},
      year={2025},
      eprint={2502.16982},
      archivePrefix={arXiv},
      primaryClass={cs.LG},
      url={https://arxiv.org/abs/2502.16982}, 
}

@article{article2,
author = {Higham, Nicholas},
title = {Matrix Nearness Problems and Applications},
year = {2000},
month = {03},
journal={},
url={https://www.researchgate.net/publication/2640282_Matrix_Nearness_Problems_and_Applications},
}


@misc{lee2021_vonneumann,
  author       = {James R. Lee},
  title        = {{Von Neumann's Inequality and Unitarily-Invariant Norms}},
  year         = {2021},
  howpublished = {Lecture notes, CSE599I, Spring 2021},
  note         = {Instructor: James R. Lee},
  url          = {https://example.edu/cse599i/vonneumann-notes.pdf}, % replace or remove
  urldate      = {2025-09-19} % replace with the date you accessed the notes (optional)
}


@article{Peletier_2023,
   title={Cosh gradient systems and tilting},
   volume={231},
   ISSN={0362-546X},
   url={http://dx.doi.org/10.1016/j.na.2022.113094},
   DOI={10.1016/j.na.2022.113094},
   journal={Nonlinear Analysis},
   publisher={Elsevier BV},
   author={Peletier, Mark A. and Schlichting, André},
   year={2023},
   month=jun, pages={113094} }
@misc{rosic2025muon,
  title={Muon vs AdamW: Learning Rate And Scaling Small LLMs},
  author={Rosić, Vuk and Claude},
  year={2025},
  url={https://github.com/vukrosic/muon-optimizer-research}
}

@software{benallal2024smollmcorpus,
  author = {Ben Allal, Loubna and Lozhkov, Anton and Penedo, Guilherme and Wolf, Thomas and von Werra, Leandro},
  title = {SmolLM-Corpus},
  month = {July},
  year = {2024},
  url = {https://huggingface.co/datasets/HuggingFaceTB/smollm-corpus}
}

@misc{loshchilov2019decoupledweightdecayregularization,
      title={Decoupled Weight Decay Regularization}, 
      author={Ilya Loshchilov and Frank Hutter},
      year={2019},
      eprint={1711.05101},
      archivePrefix={arXiv},
      primaryClass={cs.LG},
      url={https://arxiv.org/abs/1711.05101}, 
}

@misc{shazeer2020gluvariantsimprovetransformer,
      title={GLU Variants Improve Transformer}, 
      author={Noam Shazeer},
      year={2020},
      eprint={2002.05202},
      archivePrefix={arXiv},
      primaryClass={cs.LG},
      url={https://arxiv.org/abs/2002.05202}, 
}


@article{huang2019rmsnorm,
  title={Root Mean Square Layer Normalization},
  author={Huang, Shiyu and Su, Yuxin and Ma, Xuezhe and Smith, Noah A.},
  journal={arXiv preprint arXiv:1910.07467},
  year={2019}
}

@misc{su2023roformerenhancedtransformerrotary,
      title={RoFormer: Enhanced Transformer with Rotary Position Embedding}, 
      author={Jianlin Su and Yu Lu and Shengfeng Pan and Ahmed Murtadha and Bo Wen and Yunfeng Liu},
      year={2023},
      eprint={2104.09864},
      archivePrefix={arXiv},
      primaryClass={cs.CL},
      url={https://arxiv.org/abs/2104.09864}, 
}


@misc{Karpathy2022,
  author = {Andrej Karpathy},
  title = {\text{NanoGPT}},
  year = {2022},
  publisher = {GitHub},
  journal = {GitHub repository},
  howpublished = {\url{https://github.com/karpathy/nanoGPT}},
  commit = {325be85d9be8c81b436728a420e85796c57dba7e}
}


@misc{dao2023flashattention2fasterattentionbetter,
      title={FlashAttention-2: Faster Attention with Better Parallelism and Work Partitioning}, 
      author={Tri Dao},
      year={2023},
      eprint={2307.08691},
      archivePrefix={arXiv},
      primaryClass={cs.LG},
      url={https://arxiv.org/abs/2307.08691}, 
}


@misc{kimiteam2025kimik2openagentic,
      title={Kimi K2: Open Agentic Intelligence}, 
      author={Kimi Team and Yifan Bai and Yiping Bao and Guanduo Chen and Jiahao Chen and Ningxin Chen and Ruijue Chen and Yanru Chen and Yuankun Chen and Yutian Chen and Zhuofu Chen and Jialei Cui and Hao Ding and Mengnan Dong and Angang Du and Chenzhuang Du and Dikang Du and Yulun Du and Yu Fan and Yichen Feng and Kelin Fu and Bofei Gao and Hongcheng Gao and Peizhong Gao and Tong Gao and Xinran Gu and Longyu Guan and Haiqing Guo and Jianhang Guo and Hao Hu and Xiaoru Hao and Tianhong He and Weiran He and Wenyang He and Chao Hong and Yangyang Hu and Zhenxing Hu and Weixiao Huang and Zhiqi Huang and Zihao Huang and Tao Jiang and Zhejun Jiang and Xinyi Jin and Yongsheng Kang and Guokun Lai and Cheng Li and Fang Li and Haoyang Li and Ming Li and Wentao Li and Yanhao Li and Yiwei Li and Zhaowei Li and Zheming Li and Hongzhan Lin and Xiaohan Lin and Zongyu Lin and Chengyin Liu and Chenyu Liu and Hongzhang Liu and Jingyuan Liu and Junqi Liu and Liang Liu and Shaowei Liu and T. Y. Liu and Tianwei Liu and Weizhou Liu and Yangyang Liu and Yibo Liu and Yiping Liu and Yue Liu and Zhengying Liu and Enzhe Lu and Lijun Lu and Shengling Ma and Xinyu Ma and Yingwei Ma and Shaoguang Mao and Jie Mei and Xin Men and Yibo Miao and Siyuan Pan and Yebo Peng and Ruoyu Qin and Bowen Qu and Zeyu Shang and Lidong Shi and Shengyuan Shi and Feifan Song and Jianlin Su and Zhengyuan Su and Xinjie Sun and Flood Sung and Heyi Tang and Jiawen Tao and Qifeng Teng and Chensi Wang and Dinglu Wang and Feng Wang and Haiming Wang and Jianzhou Wang and Jiaxing Wang and Jinhong Wang and Shengjie Wang and Shuyi Wang and Yao Wang and Yejie Wang and Yiqin Wang and Yuxin Wang and Yuzhi Wang and Zhaoji Wang and Zhengtao Wang and Zhexu Wang and Chu Wei and Qianqian Wei and Wenhao Wu and Xingzhe Wu and Yuxin Wu and Chenjun Xiao and Xiaotong Xie and Weimin Xiong and Boyu Xu and Jing Xu and Jinjing Xu and L. H. Xu and Lin Xu and Suting Xu and Weixin Xu and Xinran Xu and Yangchuan Xu and Ziyao Xu and Junjie Yan and Yuzi Yan and Xiaofei Yang and Ying Yang and Zhen Yang and Zhilin Yang and Zonghan Yang and Haotian Yao and Xingcheng Yao and Wenjie Ye and Zhuorui Ye and Bohong Yin and Longhui Yu and Enming Yuan and Hongbang Yuan and Mengjie Yuan and Haobing Zhan and Dehao Zhang and Hao Zhang and Wanlu Zhang and Xiaobin Zhang and Yangkun Zhang and Yizhi Zhang and Yongting Zhang and Yu Zhang and Yutao Zhang and Yutong Zhang and Zheng Zhang and Haotian Zhao and Yikai Zhao and Huabin Zheng and Shaojie Zheng and Jianren Zhou and Xinyu Zhou and Zaida Zhou and Zhen Zhu and Weiyu Zhuang and Xinxing Zu},
      year={2025},
      eprint={2507.20534},
      archivePrefix={arXiv},
      primaryClass={cs.LG},
      url={https://arxiv.org/abs/2507.20534}, 
}